<record><leader>00000cas a22000007a 4500</leader><controlfield tag="001">14874852</controlfield><controlfield tag="008">861125d19341934txuwr ne      0    0eng d</controlfield><datafield ind1=" " ind2=" " tag="010"><subfield code="a">sn 86090288 </subfield></datafield><datafield ind1=" " ind2=" " tag="040"><subfield code="a">PPM</subfield><subfield code="b">eng</subfield><subfield code="c">PPM</subfield><subfield code="d">OCLCQ</subfield></datafield><datafield ind1=" " ind2=" " tag="042"><subfield code="a">msc</subfield></datafield><datafield ind1="0" ind2="0" tag="245"><subfield code="a">Phillips reporter.</subfield></datafield><datafield ind1=" " ind2=" " tag="260"><subfield code="a">Whittenburg, Tex. :</subfield><subfield code="b">[s.n.]</subfield></datafield><datafield ind1=" " ind2=" " tag="300"><subfield code="a">v. :</subfield><subfield code="b">ill. ;</subfield><subfield code="c">57 cm.</subfield></datafield><datafield ind1=" " ind2=" " tag="310"><subfield code="a">Weekly</subfield></datafield><datafield ind1="0" ind2=" " tag="362"><subfield code="a">Vol. 1, no. 1 (Aug. 17, 1934)-</subfield></datafield><datafield ind1="1" ind2=" " tag="362"><subfield code="a">Ceased in Dec. 1934.</subfield></datafield><datafield ind1=" " ind2=" " tag="500"><subfield code="a">&quot;Complete coverage of Phillips &#699;66&#700; Camp.&quot;</subfield></datafield><datafield ind1=" " ind2=" " tag="515"><subfield code="a">Vol. numbering changes to vol. 7 in Oct. 1934.</subfield></datafield><datafield ind1=" " ind2=" " tag="580"><subfield code="a">Published as special section of: The Hutchinson County herald.</subfield></datafield><datafield ind1=" " ind2=" " tag="752"><subfield code="a">United States</subfield><subfield code="b">Texas</subfield><subfield code="c">Hutchinson</subfield><subfield code="d">Whittenburg.</subfield></datafield><datafield ind1="1" ind2=" " tag="775"><subfield code="t">Hutchinson County herald</subfield><subfield code="w">(DLC)sn 86090263</subfield></datafield></record>